% ============================================
% BIBLIOGRAPHY FOR PMM2-ARIMA PAPER
% ============================================
% Generated from PDF literature review and citation list
% Format: BibTeX
% ============================================

% ============================================
% BOOKS AND MONOGRAPHS
% ============================================

@book{box2015time,
  author    = {Box, George E. P. and Jenkins, Gwilym M. and Reinsel, Gregory C. and Ljung, Greta M.},
  title     = {Time Series Analysis: Forecasting and Control},
  edition   = {5th},
  publisher = {John Wiley \& Sons},
  year      = {2015},
  address   = {Hoboken, NJ}
}

@book{hyndman2021forecasting,
  author    = {Hyndman, Rob J. and Athanasopoulos, George},
  title     = {Forecasting: Principles and Practice},
  edition   = {3rd},
  publisher = {OTexts},
  year      = {2021},
  url       = {https://otexts.com/fpp3/},
  note      = {Accessed: 2025-01-15}
}

@book{huber1964robust,
  author    = {Huber, Peter J.},
  title     = {Robust Estimation of a Location Parameter},
  journal   = {Annals of Mathematical Statistics},
  volume    = {35},
  number    = {1},
  pages     = {73--101},
  year      = {1964},
  doi       = {10.1214/aoms/1177703732}
}

@book{kunchenko2002polynomial,
  author    = {Kunchenko, Yuriy P.},
  title     = {Polynomial Parameter Estimations of Close to Gaussian Random Variables},
  publisher = {Shaker Verlag},
  year      = {2002},
  address   = {Aachen, Germany},
  pages     = {396}
}

@book{kunchenko2006stochastic,
  author    = {Кунченко, Ю. П.},
  title     = {Стохастичні поліноми},
  publisher = {Наукова думка},
  year      = {2006},
  address   = {Київ},
  pages     = {275},
  language  = {ukrainian}
}

@book{kunchenko1991estimation,
  author    = {Кунченко, Ю. П. and Лега, Ю. Г.},
  title     = {Оцінювання параметрів випадкових величин методом максимізації поліномів},
  publisher = {Наукова думка},
  year      = {1991},
  address   = {Київ},
  language  = {ukrainian}
}

% ============================================
% JOURNAL ARTICLES - FINANCIAL TIME SERIES
% ============================================

@article{viswanathan2003quantifying,
  author  = {Viswanathan, G. M. and Peng, C.-K. and Stanley, H. E. and Goldberger, A. L.},
  title   = {Quantifying Long-Range Correlations in Complex Systems},
  journal = {Physica A: Statistical Mechanics and Its Applications},
  volume  = {316},
  number  = {1-4},
  pages   = {87--114},
  year    = {2003},
  doi     = {10.1016/S0378-4371(02)01383-3}
}

@article{kim2012approximation,
  author  = {Kim, Young Shin and Fabozzi, Frank J.},
  title   = {Approximation of Skewed and Leptokurtic Return Distributions},
  journal = {Applied Financial Economics},
  volume  = {22},
  number  = {16},
  pages   = {1299--1316},
  year    = {2012},
  doi     = {10.1080/09603107.2011.646349}
}

@misc{kim2019fat,
  author       = {Kim, Min-Jae and Kim, Soyoung},
  title        = {Fat Tails in Korean Stock Market Returns},
  howpublished = {arXiv preprint arXiv:1904.02567},
  year         = {2019},
  url          = {https://arxiv.org/abs/1904.02567}
}

@article{slezak2023application,
  author  = {Ślęzak, Jarosław and Szczepaniec, Anna and Wyłomańska, Agnieszka},
  title   = {Application of Mixed-Stable Models to High-Frequency Financial Data},
  journal = {Entropy},
  volume  = {25},
  number  = {2},
  pages   = {351},
  year    = {2023},
  doi     = {10.3390/e25020351}
}

@article{dedomenico2023modeling,
  author  = {De Domenico, Filippo and Livan, Giacomo and Montagna, Guido and Righi, Simone},
  title   = {Modeling and Simulation of Financial Returns Under Non-Gaussian Distributions},
  journal = {Physica A: Statistical Mechanics and Its Applications},
  volume  = {622},
  pages   = {128886},
  year    = {2023},
  doi     = {10.1016/j.physa.2023.128886}
}

% ============================================
% JOURNAL ARTICLES - ECONOMIC DATA
% ============================================

@techreport{jacks2024commodity,
  author      = {Jacks, David S.},
  title       = {Commodity Prices and Inflation: From the Industrial Revolution to the Present},
  institution = {Centre for Economic Policy Research},
  type        = {CEPR Discussion Paper},
  year        = {2024}
}

% ============================================
% JOURNAL ARTICLES - ENVIRONMENTAL/METEOROLOGICAL
% ============================================

@misc{verma2024optimal,
  author       = {Verma, Vaibhav and Yousuf, Mohammed and Panja, Mainak M.},
  title        = {On the Optimal Prediction of Extreme Events in Heavy-Tailed Time Series with Applications to Solar Flare Forecasting},
  howpublished = {arXiv preprint arXiv:2407.11887},
  year         = {2024},
  url          = {https://arxiv.org/abs/2407.11887}
}

% ============================================
% VERY RECENT STUDIES (2025)
% ============================================

@article{saraiva2025modeling,
  author  = {Saraiva, Erlandson Ferreira and Suzuki, Adriano Kamimura and Milan, Luis Aparecido},
  title   = {Modeling Time Series with SARIMAX and Skew-Normal and Zero-Inflated Skew-Normal Errors},
  journal = {Mathematics},
  volume  = {13},
  number  = {11},
  pages   = {1892},
  year    = {2025},
  doi     = {10.3390/math13111892},
  publisher = {MDPI}
}

@article{markiewicz2021time,
  author  = {Markiewicz, Marcin and Wyłomańska, Agnieszka},
  title   = {Time Series Forecasting: Problem of Heavy-Tailed Distributed Noise},
  journal = {International Journal of Advances in Engineering Sciences and Applied Mathematics},
  volume  = {13},
  pages   = {248--256},
  year    = {2021},
  doi     = {10.1007/s12572-021-00297-4}
}

@article{dowe2025novel,
  author  = {Dowe, David L. and Peiris, Shelton and Kim, Ellie},
  title   = {A Novel ARFIMA-ANN Hybrid Model for Forecasting Time Series---And Its Role in Explainable AI},
  journal = {Journal of Econometrics and Statistics},
  volume  = {5},
  number  = {1},
  pages   = {107--127},
  year    = {2025}
}

% ============================================
% PROBLEMS WITH CLASSICAL METHODS
% ============================================

@article{potscher1991noninvertibility,
  author  = {Pötscher, Benedikt M.},
  title   = {Noninvertibility and Pseudo-Maximum Likelihood Estimation of Misspecified ARMA Models},
  journal = {Econometric Theory},
  volume  = {7},
  number  = {4},
  pages   = {435--449},
  year    = {1991},
  doi     = {10.1017/S0266466600004643}
}

@misc{qi2010non,
  author       = {Qi, Li and Fan, Jianqing},
  title        = {Non-Gaussian Quasi Maximum Likelihood Estimation of GARCH Models},
  howpublished = {arXiv preprint arXiv:1001.3895},
  year         = {2010},
  url          = {https://arxiv.org/abs/1001.3895}
}

@article{zhang2012maximum,
  author  = {Zhang, Rongmao and Sin, Chor-Yiu},
  title   = {Maximum Likelihood Estimation for Nearly Non-Stationary Stable Autoregressive Processes},
  journal = {Journal of Time Series Analysis},
  volume  = {33},
  number  = {3},
  pages   = {424--439},
  year    = {2012},
  doi     = {10.1111/j.1467-9892.2011.00768.x}
}

@article{li2020forecasting,
  author  = {Li, Long and Leng, Siyu and Yang, Jun and Yu, Guang},
  title   = {On the Forecasting of High-Frequency Financial Time Series Based on ARIMA Model Improved by Deep Learning},
  journal = {Journal of Forecasting},
  volume  = {39},
  number  = {7},
  pages   = {1081--1097},
  year    = {2020},
  doi     = {10.1002/for.2677}
}

@article{ledolter1989inference,
  author  = {Ledolter, Johannes},
  title   = {Inference Robustness of ARIMA Models Under Non-Normality},
  journal = {Metrika},
  volume  = {26},
  pages   = {43--56},
  year    = {1989},
  doi     = {10.1007/BF01893328}
}

% ============================================
% ROBUST METHODS (M-ESTIMATORS)
% ============================================

@article{muler2009robust,
  author  = {Muler, Nora and Peña, Daniel and Yohai, Victor J.},
  title   = {Robust Estimation for ARMA Models},
  journal = {The Annals of Statistics},
  volume  = {37},
  number  = {2},
  pages   = {816--840},
  year    = {2009},
  doi     = {10.1214/07-AOS570}
}

@article{reisen2024robust,
  author  = {Reisen, Valdério Anselmo and Lévy-Leduc, Céline and Solci, Camila Cristina},
  title   = {A Robust M-Estimator for Gaussian ARMA Time Series Based on the Whittle Approximation},
  journal = {Applied Mathematical Modelling},
  volume  = {129},
  pages   = {209--228},
  year    = {2024},
  doi     = {10.1016/j.apm.2024.01.042}
}

% ============================================
% QUANTILE REGRESSION AND LAD METHODS
% ============================================

@misc{katsouris2023quantile,
  author       = {Katsouris, Christos},
  title        = {Quantile Time Series Regression Models Revisited},
  howpublished = {arXiv preprint arXiv:2308.06617},
  year         = {2023},
  url          = {https://arxiv.org/abs/2308.06617}
}

@article{peng2003least,
  author  = {Peng, Liang and Yao, Qiwei},
  title   = {Least Absolute Deviations Estimation for ARCH and GARCH Models},
  journal = {Biometrika},
  volume  = {90},
  number  = {4},
  pages   = {967--975},
  year    = {2003},
  doi     = {10.1093/biomet/90.4.967}
}

@article{ling2005self,
  author  = {Ling, Shiqing},
  title   = {Self-Weighted Least Absolute Deviation Estimation for Infinite Variance Autoregressive Models},
  journal = {Journal of the Royal Statistical Society: Series B},
  volume  = {67},
  number  = {3},
  pages   = {381--393},
  year    = {2005},
  doi     = {10.1111/j.1467-9868.2005.00509.x}
}

@article{zhu2015model,
  author  = {Zhu, Ke and Ling, Shiqing},
  title   = {Model-Based Pricing for Financial Derivatives with Negative Skewness and Excess Kurtosis},
  journal = {Econometric Theory},
  volume  = {31},
  number  = {6},
  pages   = {1199--1242},
  year    = {2015},
  doi     = {10.1017/S0266466614000838}
}

% ============================================
% HEAVY-TAILED SPECIFICATIONS
% ============================================

@article{wong2009student,
  author  = {Wong, Chun Shan and Chan, Wai Sum and Kam, Pui Lam},
  title   = {A Student-t Mixture Autoregressive Model with Applications to Heavy-Tailed Financial Data},
  journal = {Biometrika},
  volume  = {96},
  number  = {3},
  pages   = {751--760},
  year    = {2009},
  doi     = {10.1093/biomet/asp031}
}

@article{palacios2024comparative,
  author  = {Palacios, M. Belén and Nieto, M. Reyes},
  title   = {A Comparative Study of Error Distributions in GARCH Models},
  journal = {Journal of Statistical Computation and Simulation},
  volume  = {94},
  number  = {3},
  pages   = {567--589},
  year    = {2024},
  doi     = {10.1080/00949655.2023.2289741}
}

% ============================================
% BAYESIAN APPROACHES
% ============================================

@misc{graves2014efficient,
  author       = {Graves, Tristan and Gramacy, Robert B. and Franzke, Christian L. E. and Watkins, Nicholas W.},
  title        = {Efficient Bayesian Inference for ARFIMA Processes},
  howpublished = {arXiv preprint arXiv:1403.2940},
  year         = {2014},
  url          = {https://arxiv.org/abs/1403.2940}
}

% ============================================
% PMM METHOD - APPLICATIONS
% ============================================

@inproceedings{zabolotnii2018polynomial,
  author    = {Zabolotnii, Serhii W. and Warsza, Zygmunt L. and Tkachenko, Oleksandr},
  title     = {Polynomial Estimation of Linear Regression Parameters for the Asymmetric PDF of Errors},
  booktitle = {Automation 2018: Advances in Intelligent Systems and Computing},
  editor    = {Szewczyk, Roman and Zieliński, Cezary and Kaliczyńska, Małgorzata},
  volume    = {743},
  pages     = {758--772},
  year      = {2018},
  publisher = {Springer},
  address   = {Cham},
  doi       = {10.1007/978-3-319-77179-3_75}
}

@article{zabolotnii2021estimating,
  author  = {Zabolotnii, Serhii and Khotunov, Volodymyr and Chepynoha, Andrii and Tkachenko, Oleksandr},
  title   = {Estimating Parameters of Linear Regression with an Exponential Power Distribution of Errors by Using a Polynomial Maximization Method},
  journal = {Eastern-European Journal of Enterprise Technologies},
  volume  = {1},
  number  = {4-109},
  pages   = {64--73},
  year    = {2021},
  doi     = {10.15587/1729-4061.2021.225525}
}

@article{palahin2016joint,
  author  = {Palahin, Volodymyr and Juhár, Jozef},
  title   = {Joint Signal Parameter Estimation in Non-Gaussian Noise by the Method of Polynomial Maximization},
  journal = {Journal of Electrical Engineering},
  volume  = {67},
  number  = {3},
  pages   = {217--221},
  year    = {2016},
  doi     = {10.1515/jee-2016-0031}
}

@inproceedings{warsza2017polynomial,
  author    = {Warsza, Zygmunt L. and Zabolotnii, Serhii W.},
  title     = {A Polynomial Estimation of Measurand Parameters for Samples of Non-Gaussian Symmetrically Distributed Data},
  booktitle = {Automation 2017: Advances in Intelligent Systems and Computing},
  editor    = {Szewczyk, Roman and Zieliński, Cezary and Kaliczyńska, Małgorzata},
  volume    = {550},
  pages     = {468--480},
  year      = {2017},
  publisher = {Springer},
  address   = {Cham},
  doi       = {10.1007/978-3-319-54042-9_45}
}

@inproceedings{zabolotnii2020estimation,
  author    = {Zabolotnii, Serhii W. and Warsza, Zygmunt L. and Tkachenko, Oleksandr},
  title     = {Estimation of Linear Regression Parameters of Symmetric Non-Gaussian Errors by Polynomial Maximization Method},
  booktitle = {Automation 2019: Advances in Intelligent Systems and Computing},
  editor    = {Szewczyk, Roman and Sąsiadek, Jurek and Kaliczyńska, Małgorzata},
  volume    = {920},
  pages     = {636--649},
  year      = {2020},
  publisher = {Springer},
  address   = {Cham},
  doi       = {10.1007/978-3-030-13273-6_59}
}

% ============================================
% PMM METHOD - THEORY
% ============================================

@article{chepinoga2014polynomial,
  author  = {Chepinoga, Andrii V. and Zabolotnii, Serhii W. and Vasiuta, Kateryna S.},
  title   = {Polynomial Maximization Method Application for Poly-Gaussian Random Variables},
  journal = {Przegląd Elektrotechniczny},
  volume  = {90},
  number  = {12},
  pages   = {242--245},
  year    = {2014},
  doi     = {10.12915/pe.2014.12.59}
}

% ============================================
% ADDITIONAL REFERENCES
% ============================================

@book{hampel1986robust,
  author    = {Hampel, Frank R. and Ronchetti, Elvezio M. and Rousseeuw, Peter J. and Stahel, Werner A.},
  title     = {Robust Statistics: The Approach Based on Influence Functions},
  publisher = {John Wiley \& Sons},
  year      = {1986},
  address   = {New York}
}

@article{koenker1978regression,
  author  = {Koenker, Roger and Bassett, Gilbert, Jr.},
  title   = {Regression Quantiles},
  journal = {Econometrica},
  volume  = {46},
  number  = {1},
  pages   = {33--50},
  year    = {1978},
  doi     = {10.2307/1913643}
}

@book{koenker2005quantile,
  author    = {Koenker, Roger},
  title     = {Quantile Regression},
  publisher = {Cambridge University Press},
  year      = {2005},
  address   = {Cambridge},
  doi       = {10.1017/CBO9780511754098}
}

@book{harvey2013dynamic,
  author    = {Harvey, Andrew C.},
  title     = {Dynamic Models for Volatility and Heavy Tails: With Applications to Financial and Economic Time Series},
  publisher = {Cambridge University Press},
  year      = {2013},
  address   = {Cambridge},
  doi       = {10.1017/CBO9781139540933}
}

@article{nakajima2012generalized,
  author  = {Nakajima, Jouchi and Omori, Yasuhiro},
  title   = {Stochastic Volatility Model with Leverage and Asymmetrically Heavy-Tailed Error Using GH Skew Student's t-Distribution},
  journal = {Computational Statistics \& Data Analysis},
  volume  = {56},
  number  = {11},
  pages   = {3690--3704},
  year    = {2012},
  doi     = {10.1016/j.csda.2010.07.012}
}

@article{fruhwirth2006finite,
  author  = {Frühwirth-Schnatter, Sylvia and Kaufmann, Sylvia},
  title   = {Model-Based Clustering of Multiple Time Series},
  journal = {Journal of Business \& Economic Statistics},
  volume  = {24},
  number  = {1},
  pages   = {78--89},
  year    = {2006},
  doi     = {10.1198/073500105000000080}
}

% ============================================
% END OF BIBLIOGRAPHY
% ============================================
